@MISC{arm:2005, 
	author={{ARM Limited}},
	title={{ARMv5 Architecture Reference Manual - Issue I}},
	year={2005}}

@MISC{tspeg,
	author={E. {Davey} },
	title={{tsPEG: A PEG Parser Generator for TypeScript}},
	year={},
	note = {Zugegriffen am: 04.03.2021. \url{https://github.com/EoinDavey/tsPEG}}}

@MISC{gnutoolchain,
	author={{ARM Limited}},
	title={{GNU Toolchain for Arm processors}},
	year={},
	note = {Zugegriffen am: 04.03.2021. \url{https://developer.arm.com/tools-and-software/open-source-software/developer-tools/gnu-toolchain}}}
	
@MISC{qemu,
	author={{The QEMU Project Developers}},
	title={{QEMU User Mode Emulation}},
	year={},
	note = {Zugegriffen am: 04.03.2021. \url{https://qemu.readthedocs.io/en/latest/user/index.html}}}
	
@MISC{wsl,
	author={{Microsoft}},
	title={{Windows Subsystem for Linux}},
	year={},
	note = {Zugegriffen am: 04.03.2021. \url{https://docs.microsoft.com/en-us/windows/wsl/install-win10}}}
	
@MISC{gdb,
	author={{The GNU Project}},
	title={{GDB: The GNU Project Debugger}},
	year={},
	note = {Zugegriffen am: 04.03.2021. \url{https://www.gnu.org/software/gdb/}}}
	
@MISC{typescript,
	author={Microsoft},
	title={TypeScript},
	year={},
	note = {Zugegriffen am: 04.03.2021. \url{https://www.typescriptlang.org/}}}
	
@MISC{react,
	author={{Facebook}},
	title={{React}},
	year={},
	note = {Zugegriffen am: 04.03.2021. \url{https://reactjs.org/}}}
	
@MISC{onlinegdb,
	author={{GDB Online}},
	title={{OnlineGDB - Online Compiler and Debugger for C/C++}},
	year={},
	note = {Zugegriffen am: 04.03.2021. \url{https://www.onlinegdb.com/}}}
	
@MISC{cpulator,
	author={H. {Wong}},
	title={{CPUlator: A CPU and I/O device simulator}},
	year={},
	note = {Zugegriffen am: 04.03.2021. \url{https://cpulator.01xz.net/?sys=arm}}}

@InProceedings{understandingtypescript,
	author={G. {Bierman} and M. {Abadi} and M. {Torgersen}},
	title={Understanding TypeScript},
	booktitle={ECOOP 2014 -- Object-Oriented Programming},
	year={2014},
	pages={257--281}}
	
@article{peg,
	author = {B. {Ford}},
	title = {Parsing Expression Grammars: A Recognition-Based Syntactic Foundation},
	year = {2004},
	volume = {39},
	number = {1},
	journal = {SIGPLAN Not.},
	month = jan,
	pages = {111â€“122},
}

@MISC{assembly,
	author = {P. {Knaggs}},
	title = {ARM Assembly Language Programming},
	year = {2016},
}

@INPROCEEDINGS{emuarm,
	author={G. {Malhotra} and N. {Atri} and S. R. {Sarangi}},
	booktitle={2013 Second International Conference on E-Learning and E-Technologies in Education (ICEEE)},
	title={emuARM: A tool for teaching the ARM assembly language},
	year={2013},
	pages={115-120}}



